@book{mackay2003information,
  title={Information theory, inference and learning algorithms},
  author={MacKay, David JC},
  year={2003},
  publisher={Cambridge university press}
}
@online{db-netzradar,
  author    = {{Deutsche Bahn AG}},
  title     = {{DB Netzradar Data}},
  year      = {2024  },
  url       = {https://data.deutschebahn.com/dataset/data-netzradar.html},
}
@online{deutschlandGeoJSON,
  title = {Germany GeoJSON - Bundesl√§nder},
  author = {isellsoap},
  year = {2024},
  url = {https://github.com/isellsoap/deutschlandGeoJSON/blob/main/2_bundeslaender/1_sehr_hoch.geo.json}
}

@online{bundesnetzagentur,
    author = {{Bundesnetzagentur}},
    title = {{Mobiles Breitband}},
    organization = {{Bundesnetzagentur}},
    url = "https://www.bundesnetzagentur.de/DE/Fachthemen/Telekommunikation/Breitband/MobilesBreitband/start.html",
    date = {2024-01-25},
}
@misc{deutschebahn2022,
    author = "{Deutsche Bahn}",
    title = "{Kennzahlen 2022}",
    url = "https://www.deutschebahn.com/de/konzern/konzernprofil/zahlen_fakten/kennzahlen_2022-10467182",
    year = "2022",
}
@article{scikit-learn,
 title={Scikit-learn: Machine Learning in {P}ython},
 author={Pedregosa, F. and Varoquaux, G. and Gramfort, A. and Michel, V.
         and Thirion, B. and Grisel, O. and Blondel, M. and Prettenhofer, P.
         and Weiss, R. and Dubourg, V. and Vanderplas, J. and Passos, A. and
         Cournapeau, D. and Brucher, M. and Perrot, M. and Duchesnay, E.},
 journal={Journal of Machine Learning Research},
 volume={12},
 pages={2825--2830},
 year={2011}
}

 @misc{OpenStreetMap,
   author = {{OpenStreetMap contributors}},
   title = {{Planet dump retrieved from https://planet.osm.org }},
   url = "https://www.openstreetmap.org",
   year = {2017},
 }